@article{kulikowski_beginnings_2019,
	title = {Beginnings of Artificial Intelligence in Medicine ({AIM}): Computational Artifice Assisting Scientific Inquiry and Clinical Art - with Reflections on Present {AIM} Challenges},
	volume = {28},
	doi = {10.1055/s-0039-1677895},
	shorttitle = {Beginnings of Artificial Intelligence in Medicine ({AIM})},
	pages = {249--256},
	number = {1},
	journaltitle = {Yearbook of medical informatics},
	author = {Kulikowski, C.A.},
	date = {2019},
}

@article{kaul_history_2020,
	title = {History of artificial intelligence in medicine},
	volume = {92},
	issn = {0016-5107},
	url = {https://www.sciencedirect.com/science/article/pii/S0016510720344667},
	doi = {10.1016/j.gie.2020.06.040},
	pages = {807--812},
	number = {4},
	journaltitle = {Gastrointestinal Endoscopy},
	shortjournal = {Gastrointestinal Endoscopy},
	author = {Kaul, Vivek and Enslin, Sarah and Gross, Seth A.},
	urldate = {2024-10-21},
	date = {2020-10-01},
}

@article{wolfram_appraisal_1995,
	title = {An appraisal of {INTERNIST}-{I}},
	volume = {7},
	issn = {0933-3657},
	url = {https://www.sciencedirect.com/science/article/pii/093336579400028Q},
	doi = {10.1016/0933-3657(94)00028-Q},
	number = {2},
	urldate = {2024-10-26},
	journal = {Artificial Intelligence in Medicine},
	author = {Wolfram, D. A.},
	month = apr,
	year = {1995},
	keywords = {CPCS, Diagnostic assistant, Diagnostic expert system, Electronic textbook, Internal medicine, INTERNIST-I, QMR},
	pages = {93--116},
}

@article{kononenko_machine_2001,
	title = {Machine learning for medical diagnosis: history, state of the art and perspective},
	volume = {23},
	issn = {0933-3657},
	shorttitle = {Machine learning for medical diagnosis},
	url = {https://www.sciencedirect.com/science/article/pii/S093336570100077X},
	doi = {10.1016/S0933-3657(01)00077-X},
	number = {1},
	urldate = {2024-10-21},
	journal = {Artificial Intelligence in Medicine},
	author = {Kononenko, Igor},
	month = aug,
	year = {2001},
	keywords = {Machine learning, Kirlian camera, Medical diagnosis, Reliability of prediction},
	pages = {89--109},
}

@unpublished{balkhy_amr_2021,
    title = {World Health Organization: Update on AMR},
    author = {Balkhy, Hanan H.},
    year = {2021},
    note = {Presidential Advisory Council on Combating Antibiotic-Resistant Bacteria (PACCARB) Virtual Public Meeting},
    URL = {https://www.hhs.gov/sites/default/files/who-update-amr.pdf},
}

@article{kherabi_machine_2024,
	title = {Machine learning to predict antimicrobial resistance: future applications in clinical practice?},
	volume = {54},
	issn = {2666-9919},
	shorttitle = {Machine learning to predict antimicrobial resistance},
	url = {https://www.sciencedirect.com/science/article/pii/S2666991924000198},
	doi = {10.1016/j.idnow.2024.104864},
	number = {3},
	urldate = {2024-11-04},
	journal = {Infectious Diseases Now},
	author = {Kherabi, Yousra and Thy, Michaël and Bouzid, Donia and Antcliffe, David B. and Rawson, Timothy Miles and Peiffer-Smadja, Nathan},
	month = apr,
	year = {2024},
	keywords = {Machine learning, Artificial intelligence, AMR, Antimicrobial resistance, Antimicrobial stewardship},
	pages = {104864},
}

@article{kim_machine_2022,
	title = {Machine {Learning} for {Antimicrobial} {Resistance} {Prediction}: {Current} {Practice}, {Limitations}, and {Clinical} {Perspective}},
	volume = {35},
	shorttitle = {Machine {Learning} for {Antimicrobial} {Resistance} {Prediction}},
	url = {https://journals.asm.org/doi/10.1128/cmr.00179-21},
	doi = {10.1128/cmr.00179-21},
	number = {3},
	urldate = {2024-10-16},
	journal = {Clinical Microbiology Reviews},
	author = {Kim, Jee In and Maguire, Finlay and Tsang, Kara K. and Gouliouris, Theodore and Peacock, Sharon J. and McAllister, Tim A. and McArthur, Andrew G. and Beiko, Robert G.},
	month = may,
	year = {2022},
	note = {Publisher: American Society for Microbiology},
	pages = {e00179--21},
}

@inproceedings{gerontini_predictions_2011,
	title = {Predictions in antibiotics resistance and nosocomial infections monitoring},
	url = {https://ieeexplore.ieee.org/document/5999112},
	doi = {10.1109/CBMS.2011.5999112},
	urldate = {2024-11-06},
	booktitle = {2011 24th {International} {Symposium} on {Computer}-{Based} {Medical} {Systems} ({CBMS})},
	author = {Gerontini, Mary and Vazirgiannis, Michalis and Vatopoulos, Alkiviadis C. and Polemis, Michalis},
	month = jun,
	year = {2011},
	note = {ISSN: 1063-7125},
	keywords = {Antibiotics, Association rules, Hospitals, Immune system, Microorganisms},
	pages = {1--6},
}

@article{sousa_validation_2019,
	title = {Validation of a clinical decision tree to predict if a patient has a bacteraemia due to a b-lactamase producing organism},
	volume = {51},
	issn = {2374-4235},
	url = {https://doi.org/10.1080/23744235.2018.1508883},
	doi = {10.1080/23744235.2018.1508883},
	number = {1},
	urldate = {2024-11-06},
	journal = {Infectious Diseases},
	author = {Sousa, Adrian and Pérez-Rodríguez, María Teresa and Suarez, Milagros and Val, Nuria and Martínez-Lamas, Lucia and Nodar, Andrés and Crespo, Manuel},
	month = jan,
	year = {2019},
	pmid = {30371118},
	note = {Publisher: Taylor \& Francis
\_eprint: https://doi.org/10.1080/23744235.2018.1508883},
	keywords = {clinical decision tree, ESBL, ESBL bacteraemia, b-lactamase producing organism},
	pages = {32--37},
}

@article{goodman_predicting_2019,
	title = {Predicting probability of perirectal colonization with carbapenem-resistant {Enterobacteriaceae} ({CRE}) and other carbapenem-resistant organisms ({CROs}) at hospital unit admission},
	volume = {40},
	issn = {0899-823X, 1559-6834},
	url = {https://www.cambridge.org/core/journals/infection-control-and-hospital-epidemiology/article/predicting-probability-of-perirectal-colonization-with-carbapenemresistant-enterobacteriaceae-cre-and-other-carbapenemresistant-organisms-cros-at-hospital-unit-admission/90C71FEB6EE4B84DFA6149A8967E18B5},
	doi = {10.1017/ice.2019.42},
	language = {en},
	number = {5},
	urldate = {2024-11-06},
	journal = {Infection Control \& Hospital Epidemiology},
	author = {Goodman, Katherine E. and Simner, Patricia J. and Klein, Eili Y. and Kazmi, Abida Q. and Gadala, Avinash and Toerper, Matthew F. and Levin, Scott and Tamma, Pranita D. and Rock, Clare and Cosgrove, Sara E. and Maragakis, Lisa L. and Milstone, Aaron M. and Program, for the CDC Prevention Epicenters and Program, the CDC MIND-Healthcare},
	month = may,
	year = {2019},
	pages = {541--550},
}
