@article{kulikowski_beginnings_2019,
	title = {Beginnings of Artificial Intelligence in Medicine ({AIM}): Computational Artifice Assisting Scientific Inquiry and Clinical Art - with Reflections on Present {AIM} Challenges},
	volume = {28},
	doi = {10.1055/s-0039-1677895},
	shorttitle = {Beginnings of Artificial Intelligence in Medicine ({AIM})},
	pages = {249--256},
	number = {1},
	journaltitle = {Yearbook of medical informatics},
	author = {Kulikowski, C.A.},
	date = {2019},
}

@article{kaul_history_2020,
	title = {History of artificial intelligence in medicine},
	volume = {92},
	issn = {0016-5107},
	url = {https://www.sciencedirect.com/science/article/pii/S0016510720344667},
	doi = {10.1016/j.gie.2020.06.040},
	pages = {807--812},
	number = {4},
	journaltitle = {Gastrointestinal Endoscopy},
	shortjournal = {Gastrointestinal Endoscopy},
	author = {Kaul, Vivek and Enslin, Sarah and Gross, Seth A.},
	urldate = {2024-10-21},
	date = {2020-10-01},
}

@article{wolfram_appraisal_1995,
	title = {An appraisal of {INTERNIST}-{I}},
	volume = {7},
	issn = {0933-3657},
	url = {https://www.sciencedirect.com/science/article/pii/093336579400028Q},
	doi = {10.1016/0933-3657(94)00028-Q},
	number = {2},
	urldate = {2024-10-26},
	journal = {Artificial Intelligence in Medicine},
	author = {Wolfram, D. A.},
	month = apr,
	year = {1995},
	keywords = {CPCS, Diagnostic assistant, Diagnostic expert system, Electronic textbook, Internal medicine, INTERNIST-I, QMR},
	pages = {93--116},
}

@article{kononenko_machine_2001,
	title = {Machine learning for medical diagnosis: history, state of the art and perspective},
	volume = {23},
	issn = {0933-3657},
	shorttitle = {Machine learning for medical diagnosis},
	url = {https://www.sciencedirect.com/science/article/pii/S093336570100077X},
	doi = {10.1016/S0933-3657(01)00077-X},
	number = {1},
	urldate = {2024-10-21},
	journal = {Artificial Intelligence in Medicine},
	author = {Kononenko, Igor},
	month = aug,
	year = {2001},
	keywords = {Machine learning, Kirlian camera, Medical diagnosis, Reliability of prediction},
	pages = {89--109},
}

