%% **********************************************************************
%% FILE NAME        : matt.bib
%% AUTHOR           : Matthew Tidd
%% DATE CREATED     : 21 Oct 2024
%% DATE MODIFIED    : 21 Oct 2024
%% *********************************************************************

@article{Kelly_2019,
	title = {Key challenges for delivering clinical impact with artificial intelligence},
	volume = {17},
	issn = {1741-7015},
	doi = {10.1186/s12916-019-1426-2},
	number = {1},
	journal = {BMC Medicine},
	author = {Kelly, Christopher J. and Karthikesalingam, Alan and Suleyman, Mustafa and Corrado, Greg and King, Dominic},
	month = oct,
	year = {2019},
	pages = {195},
}


@article{Khan_2023,
	title = {Drawbacks of {Artificial} {Intelligence} and {Their} {Potential} {Solutions} in the {Healthcare} {Sector}},
	volume = {1},
	issn = {2731-4812, 2731-4820},
	doi = {10.1007/s44174-023-00063-2},
	language = {en},
	number = {2},
	journal = {Biomedical Materials \& Devices},
	author = {Khan, Bangul and Fatima, Hajira and Qureshi, Ayatullah and Kumar, Sanjay and Hanan, Abdul and Hussain, Jawad and Abdullah, Saad},
	month = sep,
	year = {2023},
	pages = {731--738},
}


@article{Ali_2023,
	title = {A systematic literature review of artificial intelligence in the healthcare sector: {Benefits}, challenges, methodologies, and functionalities},
	volume = {8},
	issn = {2444569X},
	doi = {10.1016/j.jik.2023.100333},
	language = {en},
	number = {1},
	journal = {Journal of Innovation \& Knowledge},
	author = {Ali, Omar and Abdelbaki, Wiem and Shrestha, Anup and Elbasi, Ersin and Alryalat, Mohammad Abdallah Ali and Dwivedi, Yogesh K},
	month = jan,
	year = {2023},
	pages = {100333},
}


@article{Habehh_2021,
	title = {Machine {Learning} in {Healthcare}},
	volume = {22},
	issn = {1389-2029},
	doi = {10.2174/1389202922666210705124359},
	number = {4},
	journal = {Current Genomics},
	author = {Habehh, Hafsa and Gohel, Suril},
	month = dec,
	year = {2021},
	pmid = {35273459},
	pmcid = {PMC8822225},
	pages = {291--300},

}


@article{Guan_2019,
	title = {Artificial {Intelligence} in {Healthcare} and {Medicine}: {Promises}, {Ethical} {Challenges} and {Governance}},
	volume = {34},
	issn = {1001-9294},
	doi = {10.24920/003611},
	number = {2},
	journal = {Chinese Medical Sciences Journal},
	author = {Guan, Jian},
	month = jun,
	year = {2019},
	pages = {76--83},
}


@article{Murdoch_2021,
	title = {Privacy and artificial intelligence: challenges for protecting health information in a new era},
	volume = {22},
	issn = {1472-6939},
	doi = {10.1186/s12910-021-00687-3},
	language = {en},
	number = {1},
	journal = {BMC Medical Ethics},
	author = {Murdoch, Blake},
	month = sep,
	year = {2021},
	pages = {122},
}


@article{Char_2018,
	title = {Implementing {Machine} {Learning} in {Health} {Care} — {Addressing} {Ethical} {Challenges}},
	volume = {378},
	issn = {0028-4793},
	doi = {10.1056/NEJMp1714229},
	number = {11},
	journal = {New England Journal of Medicine},
	author = {Char, Danton S. and Shah, Nigam H. and Magnus, David},
	month = mar,
	year = {2018},
	pages = {981--983},
}


@inproceedings{Chen_2018,
	title = {Why {Is} {My} {Classifier} {Discriminatory}?},
	volume = {31},
	booktitle = {Advances in {Neural} {Information} {Processing} {Systems}},
	publisher = {Curran Associates, Inc.},
	author = {Chen, Irene and Johansson, Fredrik D and Sontag, David},
	year = {2018},
}


@article{Esteva_2017,
	title = {Dermatologist-level classification of skin cancer with deep neural networks},
	volume = {542},
	issn = {1476-4687},
	doi = {10.1038/nature21056},
	number = {7639},
	journal = {Nature},
	author = {Esteva, Andre and Kuprel, Brett and Novoa, Roberto A. and Ko, Justin and Swetter, Susan M. and Blau, Helen M. and Thrun, Sebastian},
	month = feb,
	year = {2017},
	pages = {115--118},
}


@article{Haenssle_2019,
	title = {Reply to the letter to the editor ‘{Man} against machine: diagnostic performance of a deep learning convolutional neural network for dermoscopic melanoma recognition in comparison to 58 dermatologists’ by {H}. {A}. {Haenssle} et al.},
	volume = {30},
	issn = {0923-7534},
	doi = {10.1093/annonc/mdz015},
	number = {5},
	journal = {Annals of Oncology},
	author = {Haenssle, H. A. and Fink, C. and Rosenberger, A. and Uhlmann, L.},
	month = may,
	year = {2019},
	pages = {854--857},
}


@article{Panch_2018,
	title = {Artificial intelligence, machine learning and health systems},
	volume = {8},
	issn = {2047-2978, 2047-2986},
	doi = {10.7189/jogh.08.020303},
	language = {en},
	number = {2},
	journal = {Journal of Global Health},
	author = {Panch, Trishan and Szolovits, Peter and Atun, Rifat},
	month = dec,
	year = {2018},
	pages = {020303},
}


@article{Price_2019,
	title = {Privacy in the age of medical big data},
	volume = {25},
	issn = {1078-8956, 1546-170X},
	doi = {10.1038/s41591-018-0272-7},
	language = {en},
	number = {1},
	journal = {Nature Medicine},
	author = {Price, W. Nicholson and Cohen, I. Glenn},
	month = jan,
	year = {2019},
	pages = {37--43},
}


